
@article{acker1973,
  title = {Women and Social Stratification: {{A}} Case of Intellectual Sexism},
  shorttitle = {Women and Social Stratification},
  author = {Acker, Joan},
  year = {1973},
  volume = {78},
  pages = {936--945},
  journal = {American journal of sociology},
  number = {4}
}

@article{aguilar2016,
  title = {Intersecci\'on Clase G\'enero y Calidad Del Empleo En {{Chile}}},
  author = {Aguilar, Omar and Anan{\'i}as, Rub{\'e}n and Mora, Claudia and P{\'e}rez Ahumada, Pablo},
  year = {2016},
  pages = {141--161},
  journal = {Revista CEPAL},
  number = {129}
}

@article{baxter1988,
  title = {Gender and Class Analysis: The Position of Women in the Class Structure},
  shorttitle = {Gender and Class Analysis},
  author = {Baxter, Janeen},
  year = {1988},
  volume = {24},
  pages = {106--123},
  journal = {The Australian and New Zealand Journal of Sociology},
  number = {1}
}

@article{baxter1992,
  title = {Las Mujeres y El An\'alisis de Clase: Una Perspectiva Comparada},
  shorttitle = {Las Mujeres y El An\'alisis de Clase},
  author = {Baxter, Janeen},
  year = {1992},
  pages = {85--98},
  journal = {Pol\'itica y sociedad},
  number = {11}
}

@article{crompton1989,
  title = {Class Theory and Gender},
  author = {Crompton, Rosemary},
  year = {1989},
  pages = {565--587},
  journal = {British Journal of Sociology}
}

@book{engels1976,
  title = {La Situaci\'on de La Clase Obrera En {{Inglaterra}}},
  author = {Engels, Friedrich},
  year = {[1845] 1976},
  publisher = {{Akal}},
  address = {{Madrid, Espa\~na}}
}

@incollection{hakim1997,
  title = {A Sociological Perspective on Part-Time Work},
  booktitle = {Between {{Equalisation}} and {{Marginalisation}}: {{Women Working Part}}-Time in {{Europe}} and the {{USA}}},
  author = {Hakim, Catherine},
  editor = {Blossfeld, Hans-Peter and Hakim, Catherine},
  year = {1997},
  publisher = {{Oxford University Press}},
  address = {{Oxford}}
}

@article{hartmann1981,
  title = {The Family as the Locus of Gender, Class, and Political Struggle: {{The}} Example of Housework},
  shorttitle = {The Family as the Locus of Gender, Class, and Political Struggle},
  author = {Hartmann, Heidi I.},
  year = {1981},
  volume = {6},
  pages = {366--394},
  journal = {Signs: Journal of Women in Culture and Society},
  number = {3}
}

@book{lenin2014,
  title = {\textquestiondown{{Qu\'e}} Hacer?},
  shorttitle = {?},
  author = {Lenin, Vladimir Ilich},
  year = {2014},
  publisher = {{e-artnow sro}}
}

@book{marx2002,
  title = {La Miseria de La Filosof\'ia},
  author = {Marx, Karl},
  year = {[1847] 2002},
  publisher = {{Siglo XXI}},
  address = {{M\'exico}}
}

@book{wright1979,
  title = {Class Structure and Income Determination},
  author = {Wright, Erik Olin},
  year = {1979},
  publisher = {{Academic Press}},
  address = {{New York}}
}

@article{wright1989,
  title = {Women in the Class Structure},
  author = {Wright, Erik Olin},
  year = {1989},
  volume = {17},
  pages = {35--66},
  journal = {Politics \& Society},
  number = {1}
}

@inproceedings{wright1995,
  title = {Reflexionando, Una Vez M\'as, Sobre El Concepto de Estructura de Clases},
  booktitle = {Teor\'ias Contempor\'aneas de Las Clases Sociales.\textendash 3\textordfeminine{} Ed},
  author = {Wright, Erik Olin},
  year = {1995},
  pages = {17--126},
  publisher = {{Editorial Pablo Iglesias}}
}

@article{wright2000,
  title = {Working-Class Power, Capitalist-Class Interests, and Class Compromise},
  author = {Wright, Erik Olin},
  year = {2000},
  volume = {105},
  pages = {957--1002},
  journal = {American Journal of Sociology},
  number = {4}
}

@book{wright2015,
  title = {Comprender Las Clases Sociales},
  author = {Wright, Erik Olin},
  year = {2015},
  publisher = {{Akal}},
  address = {{Espa\~na}}
}

@incollection{wright2015a,
  title = {De Las Batallas Del Gran Paradigma al Realismo Pragm\'atico: Hacia Un An\'alisis Integral de Las Clases},
  booktitle = {Comprender Las Clases Sociales},
  author = {Wright, Erik Olin},
  year = {2015},
  pages = {13--33},
  publisher = {{Akal}},
  address = {{Espa\~na}}
}


